% How to cite webpage: https://tex.stackexchange.com/questions/3587/how-can-i-use-bibtex-to-cite-a-web-page


@online{Aa,
  author = {JON KNIGHT},
  title = {LiDAR vs. 3D ToF Sensors — How Apple Is Making AR Better for Smartphones},
  year = 2020,
  url = {https://ios.gadgethacks.com/news/lidar-vs-3d-tof-sensors-apple-is-making-ar-better-for-smartphones-0280778/},
  urldate = {2022-10-24}
}


@online{Taxis,
  author = {Wikipedia},
  title = {Taxis of New York City},
  year = 2022,
  url = {https://en.wikipedia.org/wiki/Taxis_of_New_York_City},
  urldate = {2022-10-24}
}

@online{YellowCab,
  author = {NYC government},
  title = {Yellow Cab},
  year = 2022,
  url = {https://www1.nyc.gov/site/tlc/businesses/yellow-cab.page},
  urldate = {2022-10-24}
}

@online{kaggle,
  author = {Kaggle},
  title = {New York City Weather Data 2019},
  year = 2022,
  url = {https://www.kaggle.com/datasets/alejopaullier/new-york-city-weather-data-2019},
  urldate = {2022-10-24}
}


@online{DataDictionary,
  author = {NYC government},
  title = {Data Dictionary – Yellow Taxi Trip Records},
  year = 2022,
  url = {https://www1.nyc.gov/assets/tlc/downloads/pdf/data_dictionary_trip_records_yellow.pdf},
  urldate = {2022-10-24}
}

@online{TaxiZone,
  author = {NYC government},
  title = {Taxi Zone Lookup Table},
  year = 2022,
  url = {https://d37ci6vzurychx.cloudfront.net/misc/taxi+_zone_lookup.csv},
  urldate = {2022-10-24}
}



% You should lookup the entries defined in bibtex to properly format your .bib file